%YAML 1.1
%TAG !u! tag:unity3d.com,2011:
--- !u!1 &5595973639063752280
GameObject:
  m_ObjectHideFlags: 0
  m_CorrespondingSourceObject: {fileID: 0}
  m_PrefabInstance: {fileID: 0}
  m_PrefabAsset: {fileID: 0}
  serializedVersion: 6
  m_Component:
  - component: {fileID: 4157467835029768}
  - component: {fileID: 7167949002285089562}
  m_Layer: 0
  m_Name: ChestLidParent
  m_TagString: Untagged
  m_Icon: {fileID: 0}
  m_NavMeshLayer: 0
  m_StaticEditorFlags: 0
  m_IsActive: 1
--- !u!4 &4157467835029768
Transform:
  m_ObjectHideFlags: 0
  m_CorrespondingSourceObject: {fileID: 0}
  m_PrefabInstance: {fileID: 0}
  m_PrefabAsset: {fileID: 0}
  m_GameObject: {fileID: 5595973639063752280}
  m_LocalRotation: {x: 0, y: 0, z: 0, w: 1}
  m_LocalPosition: {x: 0, y: 0, z: -0.538}
  m_LocalScale: {x: 1, y: 1, z: 1}
  m_Children:
  - {fileID: 575683578579864951}
  m_Father: {fileID: 3025624449283152827}
  m_RootOrder: 1
  m_LocalEulerAnglesHint: {x: 0, y: 0, z: 0}
--- !u!95 &7167949002285089562
Animator:
  serializedVersion: 3
  m_ObjectHideFlags: 0
  m_CorrespondingSourceObject: {fileID: 0}
  m_PrefabInstance: {fileID: 0}
  m_PrefabAsset: {fileID: 0}
  m_GameObject: {fileID: 5595973639063752280}
  m_Enabled: 1
  m_Avatar: {fileID: 0}
  m_Controller: {fileID: 9100000, guid: 04d8002b50e9e89428054903ec1e9a7d, type: 2}
  m_CullingMode: 0
  m_UpdateMode: 0
  m_ApplyRootMotion: 0
  m_LinearVelocityBlending: 0
  m_WarningMessage: 
  m_HasTransformHierarchy: 1
  m_AllowConstantClipSamplingOptimization: 1
  m_KeepAnimatorControllerStateOnDisable: 0
--- !u!1 &7420248626763093699
GameObject:
  m_ObjectHideFlags: 0
  m_CorrespondingSourceObject: {fileID: 0}
  m_PrefabInstance: {fileID: 0}
  m_PrefabAsset: {fileID: 0}
  serializedVersion: 6
  m_Component:
  - component: {fileID: 3025624449283152827}
  m_Layer: 0
  m_Name: WeaponChest
  m_TagString: Untagged
  m_Icon: {fileID: 0}
  m_NavMeshLayer: 0
  m_StaticEditorFlags: 0
  m_IsActive: 1
--- !u!4 &3025624449283152827
Transform:
  m_ObjectHideFlags: 0
  m_CorrespondingSourceObject: {fileID: 0}
  m_PrefabInstance: {fileID: 0}
  m_PrefabAsset: {fileID: 0}
  m_GameObject: {fileID: 7420248626763093699}
  m_LocalRotation: {x: 0, y: 0, z: 0, w: 1}
  m_LocalPosition: {x: 4.56, y: 0.47, z: -17.462925}
  m_LocalScale: {x: 1, y: 1, z: 1}
  m_Children:
  - {fileID: 6381993499107626247}
  - {fileID: 4157467835029768}
  m_Father: {fileID: 0}
  m_RootOrder: 0
  m_LocalEulerAnglesHint: {x: 0, y: 0, z: 0}
--- !u!1001 &2156047231637005853
PrefabInstance:
  m_ObjectHideFlags: 0
  serializedVersion: 2
  m_Modification:
    m_TransformParent: {fileID: 3025624449283152827}
    m_Modifications:
    - target: {fileID: -927199367670048503, guid: a2f1f67c82b2a3643927864b32140439,
        type: 3}
      propertyPath: m_Name
      value: WeaponChest
      objectReference: {fileID: 0}
    - target: {fileID: -4216859302048453862, guid: a2f1f67c82b2a3643927864b32140439,
        type: 3}
      propertyPath: m_LocalPosition.x
      value: 0
      objectReference: {fileID: 0}
    - target: {fileID: -4216859302048453862, guid: a2f1f67c82b2a3643927864b32140439,
        type: 3}
      propertyPath: m_LocalPosition.y
      value: -0.382
      objectReference: {fileID: 0}
    - target: {fileID: -4216859302048453862, guid: a2f1f67c82b2a3643927864b32140439,
        type: 3}
      propertyPath: m_LocalPosition.z
      value: 0
      objectReference: {fileID: 0}
    - target: {fileID: -4216859302048453862, guid: a2f1f67c82b2a3643927864b32140439,
        type: 3}
      propertyPath: m_LocalRotation.x
      value: 0
      objectReference: {fileID: 0}
    - target: {fileID: -4216859302048453862, guid: a2f1f67c82b2a3643927864b32140439,
        type: 3}
      propertyPath: m_LocalRotation.y
      value: -0
      objectReference: {fileID: 0}
    - target: {fileID: -4216859302048453862, guid: a2f1f67c82b2a3643927864b32140439,
        type: 3}
      propertyPath: m_LocalRotation.z
      value: -0
      objectReference: {fileID: 0}
    - target: {fileID: -4216859302048453862, guid: a2f1f67c82b2a3643927864b32140439,
        type: 3}
      propertyPath: m_LocalRotation.w
      value: 1
      objectReference: {fileID: 0}
    - target: {fileID: -4216859302048453862, guid: a2f1f67c82b2a3643927864b32140439,
        type: 3}
      propertyPath: m_RootOrder
      value: 0
      objectReference: {fileID: 0}
    - target: {fileID: -4216859302048453862, guid: a2f1f67c82b2a3643927864b32140439,
        type: 3}
      propertyPath: m_LocalEulerAnglesHint.x
      value: 0
      objectReference: {fileID: 0}
    - target: {fileID: -4216859302048453862, guid: a2f1f67c82b2a3643927864b32140439,
        type: 3}
      propertyPath: m_LocalEulerAnglesHint.y
      value: 0
      objectReference: {fileID: 0}
    - target: {fileID: -4216859302048453862, guid: a2f1f67c82b2a3643927864b32140439,
        type: 3}
      propertyPath: m_LocalEulerAnglesHint.z
      value: 0
      objectReference: {fileID: 0}
    - target: {fileID: -4216859302048453862, guid: a2f1f67c82b2a3643927864b32140439,
        type: 3}
      propertyPath: m_LocalScale.x
      value: 12.822421
      objectReference: {fileID: 0}
    - target: {fileID: -4216859302048453862, guid: a2f1f67c82b2a3643927864b32140439,
        type: 3}
      propertyPath: m_LocalScale.y
      value: 12.822421
      objectReference: {fileID: 0}
    - target: {fileID: -4216859302048453862, guid: a2f1f67c82b2a3643927864b32140439,
        type: 3}
      propertyPath: m_LocalScale.z
      value: 12.822421
      objectReference: {fileID: 0}
    m_RemovedComponents: []
  m_SourcePrefab: {fileID: 100100000, guid: a2f1f67c82b2a3643927864b32140439, type: 3}
--- !u!4 &6381993499107626247 stripped
Transform:
  m_CorrespondingSourceObject: {fileID: -4216859302048453862, guid: a2f1f67c82b2a3643927864b32140439,
    type: 3}
  m_PrefabInstance: {fileID: 2156047231637005853}
  m_PrefabAsset: {fileID: 0}
--- !u!1001 &4793951943487579757
PrefabInstance:
  m_ObjectHideFlags: 0
  serializedVersion: 2
  m_Modification:
    m_TransformParent: {fileID: 4157467835029768}
    m_Modifications:
    - target: {fileID: -927199367670048503, guid: a3e70097fbccd774e85ef035ef2870fe,
        type: 3}
      propertyPath: m_Name
      value: WeaponChestLid
      objectReference: {fileID: 0}
    - target: {fileID: -4216859302048453862, guid: a3e70097fbccd774e85ef035ef2870fe,
        type: 3}
      propertyPath: m_LocalPosition.x
      value: -0.0024046898
      objectReference: {fileID: 0}
    - target: {fileID: -4216859302048453862, guid: a3e70097fbccd774e85ef035ef2870fe,
        type: 3}
      propertyPath: m_LocalPosition.y
      value: -0.00999999
      objectReference: {fileID: 0}
    - target: {fileID: -4216859302048453862, guid: a3e70097fbccd774e85ef035ef2870fe,
        type: 3}
      propertyPath: m_LocalPosition.z
      value: 0.5100001
      objectReference: {fileID: 0}
    - target: {fileID: -4216859302048453862, guid: a3e70097fbccd774e85ef035ef2870fe,
        type: 3}
      propertyPath: m_LocalRotation.x
      value: -0
      objectReference: {fileID: 0}
    - target: {fileID: -4216859302048453862, guid: a3e70097fbccd774e85ef035ef2870fe,
        type: 3}
      propertyPath: m_LocalRotation.y
      value: -0
      objectReference: {fileID: 0}
    - target: {fileID: -4216859302048453862, guid: a3e70097fbccd774e85ef035ef2870fe,
        type: 3}
      propertyPath: m_LocalRotation.z
      value: -0
      objectReference: {fileID: 0}
    - target: {fileID: -4216859302048453862, guid: a3e70097fbccd774e85ef035ef2870fe,
        type: 3}
      propertyPath: m_LocalRotation.w
      value: 1
      objectReference: {fileID: 0}
    - target: {fileID: -4216859302048453862, guid: a3e70097fbccd774e85ef035ef2870fe,
        type: 3}
      propertyPath: m_RootOrder
      value: 0
      objectReference: {fileID: 0}
    - target: {fileID: -4216859302048453862, guid: a3e70097fbccd774e85ef035ef2870fe,
        type: 3}
      propertyPath: m_LocalEulerAnglesHint.x
      value: 0
      objectReference: {fileID: 0}
    - target: {fileID: -4216859302048453862, guid: a3e70097fbccd774e85ef035ef2870fe,
        type: 3}
      propertyPath: m_LocalEulerAnglesHint.y
      value: 0
      objectReference: {fileID: 0}
    - target: {fileID: -4216859302048453862, guid: a3e70097fbccd774e85ef035ef2870fe,
        type: 3}
      propertyPath: m_LocalEulerAnglesHint.z
      value: 0
      objectReference: {fileID: 0}
    - target: {fileID: -4216859302048453862, guid: a3e70097fbccd774e85ef035ef2870fe,
        type: 3}
      propertyPath: m_LocalScale.x
      value: 11.82076
      objectReference: {fileID: 0}
    - target: {fileID: -4216859302048453862, guid: a3e70097fbccd774e85ef035ef2870fe,
        type: 3}
      propertyPath: m_LocalScale.y
      value: 11.3400545
      objectReference: {fileID: 0}
    - target: {fileID: -4216859302048453862, guid: a3e70097fbccd774e85ef035ef2870fe,
        type: 3}
      propertyPath: m_LocalScale.z
      value: 11.552494
      objectReference: {fileID: 0}
    m_RemovedComponents: []
  m_SourcePrefab: {fileID: 100100000, guid: a3e70097fbccd774e85ef035ef2870fe, type: 3}
--- !u!4 &575683578579864951 stripped
Transform:
  m_CorrespondingSourceObject: {fileID: -4216859302048453862, guid: a3e70097fbccd774e85ef035ef2870fe,
    type: 3}
  m_PrefabInstance: {fileID: 4793951943487579757}
  m_PrefabAsset: {fileID: 0}
